@inproceedings{Ebbinghaus:2000,
   author={Ebbinghaus, Margit},
   title={Controlling des {B}ildungserfolges},
   crossref={SeeberBook:2000},
}

@inproceedings{Seeber:2000,
   author={Seeber, Susan and Krekel, Elisabeth M. and Buer, Jürgen van},
   title={Bildungscontrolling -- ein interdisziplinärer {F}orschungsbereich in der {S}pannung von ökonomischer und pädagogischer {R}ationalität?},
   crossref={SeeberBook:2000},
}

@book{SeeberBook:2000,
   editor={Seeber, Susan},
   title={Bildungscontrolling: {A}ns{\"a}tze und kritische {D}iskussionen zur {E}ffizienzsteigerung von {B}ildungsarbeit},
   booktitle={Bildungscontrolling: {A}ns{\"a}tze und kritische {D}iskussionen zur {E}ffizienzsteigerung von {B}ildungsarbeit},
   address={Frankfurt am Main [u.a.]},
   publisher={Lang},
   year={2000},
   ISBN={3-631-35258-1},
   language={German},
}

@book{Pech:2001,
   author={Pech, Ulrike},
   title={Bildungscontrolling: {D}eskription, {K}lassifikation, {I}dentitäten und  {D}isparitäten},
   booktitle={Bildungscontrolling: {D}eskription, {K}lassifikation, {I}dentitäten und  {D}isparitäten},
   address={Aachen},
   publisher={Shaker},
   year={2001},
   ISBN={3-8265-9076-7},
   series={Berichte aus der Betriebswirtschaft},
}

@misc{tigerwiki:aide,
   author = "Belisle, Charles",
   title = "Tiger{W}iki {A}ide",
   year = "2007",
   howpublished = "\url{http://www.chabel.org/?page=Aide}",
   note = "abgerufen am 21. August 2007"
 }
 
@techreport{Nursinski:2007,
	author = {Nursinski, André},
	title  ={Innovative {A}nsätze der {I}nnovationsvermittlung},
	year = {2007},
	institution = {Friedrich-Alexander-Universität},
	address = {Erlangen-Nürnberg},
}